@manual{V203, 
	title = "Versuchsanleitung V203: Verdampfungswärme und Dampfdruckkurve", 
	publisher = "An\hyphenate fän\hyphenate ger\hyphenate praktikum, TU Dortmund",
} 

@manual{V355,
	title = "Versuchsanleitung V355: Gekoppelte Schwingkreise",
	publisher = "An\hyphenate fän\hyphenate ger\hyphenate prak\hyphenate ti\hyphenate kum, TU Dortmund",
}

@manual{V401,
	title = "Versuchsanleitung V401: Das Michelson-Interferometer",
	publisher = "An\hyphenate fän\hyphenate ger\hyphenate prak\hyphenate ti\hyphenate kum, TU Dortmund",
}

@manual{V402,
        title = "Versuchsanleitung V402: Dispersion am Glasprisma",
        publisher = "An\hyphenate fän\hyphenate ger\hyphenate prak\hyphenate ti\hyphenate kum, TU Dortmund",
}

@manual{V500,
        title = "Versuchsanleitung V500: Der Photoeffekt",
        publisher = "An\hyphenate fän\hyphenate ger\hyphenate prak\hyphenate ti\hyphenate kum, TU Dortmund",
}

@manual{V503,
	title = "Versuchsanleitung V503: Millikan-Öltröpfchenversuch",
	publisher = "An\hyphenate fän\hyphenate ger\hyphenate prak\hyphenate ti\hyphenate kum, TU Dortmund",
}

@manual{V601,
	title = "Versuchsanleitung V601: Franck-Hertz-Versuch",
	publisher = "An\hyphenate fän\hyphenate ger\hyphenate prak\hyphenate ti\hyphenate kum, TU Dortmund",
}

@manual{V605,
	title = "Versuchsanleitung V605: Die Spektren der Alkali-Atome",
	publisher = "An\hyphenate fän\hyphenate ger\hyphenate prak\hyphenate ti\hyphenate kum, TU Dortmund",
}

@manual{US1, 
	title = "Versuchsanleitung US1: Grundlagen der Ultraschalltechnik", 
	publisher = "An\hyphenate fän\hyphenate ger\hyphenate praktikum, TU Dortmund",
} 

@manual{V703, 
	title = "Versuchsanleitung V703: Das Geiger-Müller-Zählrohr", 
	publisher = "An\hyphenate fän\hyphenate ger\hyphenate praktikum, TU Dortmund",
	date = {28.06.16},
}

@book{Walcher,
	author = "W. Walcher",
	title = {Praktikum der Physik},
	publisher = "Teubner Studienbücher",
	year = 1989,
}

@online{Brechungsindex,
	author = "National Physical Laboratory",
	url = "http://www.kayelaby.npl.co.uk/general_physics/2_5/2_5_7.html",
}

@book{Gerthsen,
	author = "Dieter Meschede",
	title = {Gerthsen Physik},
	publischer = "Springer",
	year = 2005,
}

@manual{TUGraz,
	title = "Verdampfungswärme von Wasser",
	publisher = "Grundpraktikum, Institut f. Experimentalphysik, TU Graz",
}

@online{Cadmium,
        author = "Rapp Instruments",
        url = "http://www.rapp-instruments.de/foto/spectrum/images/Cd.jpg"
}

@online{Quecksilber,
        author = "Rapp Instruments",
        url = "http://www.rapp-instruments.de/foto/spectrum/images/Hg.jpg"
}

@online{CODATA,
		author = "CODATA",
		url = "http://physics.nist.gov/PhysRefData/Handbook/Tables/mercurytable1.htm",
		date = "02.06.16"
}

@book{deGruyter,
		author = "Ludwig Bergmann et al.",
		title = {Lehrbuch der Experimentalphysik, Bd. 4},
		publisher = "Wilhelm Raith",
		year = 1992
}
